<record xmlns='http://www.loc.gov/MARC21/slim'><leader>ZZZZZnasZZ2200397ZaZ4500</leader><controlfield tag='001'>99122424622606421</controlfield><controlfield tag='005'>20200415075720.2</controlfield><controlfield tag='008'>110922c20119999hu-qr-p-o-----0----0eng--</controlfield><datafield ind1=' ' ind2=' ' tag='010'><subfield code='a'>  2012243131</subfield></datafield><datafield ind1='7' ind2=' ' tag='016'><subfield code='a'>101569896</subfield><subfield code='2'>DNLM</subfield></datafield><datafield ind1=' ' ind2=' ' tag='022'><subfield code='a'>2062-8633</subfield></datafield><datafield ind1=' ' ind2=' ' tag='035'><subfield code='a'>(DE-599)ZDB2652327-9</subfield></datafield><datafield ind1=' ' ind2=' ' tag='035'><subfield code='a'>(OCoLC)775758673</subfield></datafield><datafield ind1=' ' ind2=' ' tag='035'><subfield code='a'>(CKB)3400000000000244</subfield></datafield><datafield ind1=' ' ind2=' ' tag='035'><subfield code='a'>(CONSER)--2012243131</subfield></datafield><datafield ind1=' ' ind2=' ' tag='035'><subfield code='a'>(EXLCZ)993400000000000244</subfield></datafield><datafield ind1=' ' ind2=' ' tag='042'><subfield code='a'>pcc</subfield></datafield><datafield ind1='0' ind2='0' tag='060'><subfield code='a'>W1</subfield><subfield code='b'>EU720L</subfield></datafield><datafield ind1=' ' ind2=' ' tag='210'><subfield code='a'>EUR J MICROBIOL IMMUNOL (BP)</subfield></datafield><datafield ind1='1' ind2='0' tag='210'><subfield code='a'>Eur J Microbiol Immunol (Bp)</subfield><subfield code='2'>dnlm</subfield></datafield><datafield ind1='0' ind2='0' tag='245'><subfield code='a'>European journal of microbiology &amp; immunology.</subfield></datafield><datafield ind1='1' ind2=' ' tag='246'><subfield code='a'>European journal of microbiology and immunology</subfield></datafield><datafield ind1=' ' ind2=' ' tag='260'><subfield code='a'>Budapest :</subfield><subfield code='b'>Akadémiai Kiadó</subfield></datafield><datafield ind1=' ' ind2=' ' tag='310'><subfield code='a'>Quarterly</subfield></datafield><datafield ind1=' ' ind2=' ' tag='336'><subfield code='a'>text</subfield><subfield code='b'>txt</subfield><subfield code='2'>rdacontent</subfield></datafield><datafield ind1=' ' ind2=' ' tag='337'><subfield code='a'>unmediated</subfield><subfield code='b'>n</subfield><subfield code='2'>rdamedia</subfield></datafield><datafield ind1='1' ind2=' ' tag='362'><subfield code='a'>Began with vol. 1, no. 1 (Mar. 2011).</subfield></datafield><datafield ind1=' ' ind2=' ' tag='500'><subfield code='a'>Refereed/Peer-reviewed</subfield></datafield><datafield ind1=' ' ind2=' ' tag='588'><subfield code='a'>Description based on: Vol. 1, no. 1 (Mar. 2011); title from cover.</subfield></datafield><datafield ind1=' ' ind2=' ' tag='588'><subfield code='a'>Latest issue consulted: Vol. 1, no. 1 (Mar. 2011).</subfield></datafield><datafield ind1='1' ind2='2' tag='650'><subfield code='a'>Microbiological Phenomena.</subfield></datafield><datafield ind1='2' ind2='2' tag='650'><subfield code='a'>Immune System Phenomena.</subfield></datafield><datafield ind1=' ' ind2='0' tag='655'><subfield code='a'>Electronic journals.</subfield></datafield><datafield ind1=' ' ind2='7' tag='655'><subfield code='a'>Periodicals.</subfield><subfield code='2'>fast</subfield><subfield code='0'>(OCoLC)fst01411641</subfield></datafield><datafield ind1=' ' ind2='2' tag='655'><subfield code='a'>Periodical.</subfield></datafield><datafield ind1=' ' ind2=' ' tag='776'><subfield code='x'>2062-509X</subfield></datafield><datafield ind1='2' ind2=' ' tag='710'><subfield code='a'>Akadémiai Kiadó.</subfield></datafield><datafield ind1=' ' ind2=' ' tag='906'><subfield code='a'>JOURNAL</subfield></datafield><datafield ind1=' ' ind2=' ' tag='AVE'><subfield code='8'>53469315810006421</subfield><subfield code='c'>61428536990006421</subfield><subfield code='e'>Available</subfield><subfield code='m'>Free Medical Journals</subfield><subfield code='s'> Available from 2011.</subfield><subfield code='t'>Free Medical Journals</subfield><subfield code='u'>publishing_base_url undefined?u.ignore_date_coverage=true&amp;rft.mms_id=99122424622606421</subfield></datafield><datafield ind1=' ' ind2=' ' tag='AVE'><subfield code='8'>53469315800006421</subfield><subfield code='c'>61428532340006421</subfield><subfield code='e'>Available</subfield><subfield code='m'>Elektronische Zeitschriftenbibliothek Free E-Journals</subfield><subfield code='s'> Available from 2014.</subfield><subfield code='t'>Universitätsbibliothek Regensburg</subfield><subfield code='u'>publishing_base_url undefined?u.ignore_date_coverage=true&amp;rft.mms_id=99122424622606421</subfield></datafield><datafield ind1=' ' ind2=' ' tag='AVE'><subfield code='8'>53469315820006421</subfield><subfield code='c'>61428532150006421</subfield><subfield code='e'>Available</subfield><subfield code='m'>PubMed Central</subfield><subfield code='s'> Available from 2011 volume: 1.</subfield><subfield code='t'>PubMed Central</subfield><subfield code='u'>publishing_base_url undefined?u.ignore_date_coverage=true&amp;rft.mms_id=99122424622606421</subfield></datafield><datafield ind1=' ' ind2=' ' tag='AVE'><subfield code='8'>53469315790006421</subfield><subfield code='c'>61428534030006421</subfield><subfield code='e'>Available</subfield><subfield code='m'>Akademiai Kiado</subfield><subfield code='s'> Available from 2011 volume: 1 issue: 1.</subfield><subfield code='t'>Akademiai Kiado</subfield><subfield code='u'>publishing_base_url undefined?u.ignore_date_coverage=true&amp;rft.mms_id=99122424622606421</subfield></datafield></record>